@article{CL1983,
  title={Viscosity solutions of Hamilton-Jacobi equations},
  author={Crandall, Michael G and Lions, Pierre-Louis},
  journal={Transactions of the American Mathematical Society},
  volume={277},
  number={1},
  pages={1--42},
  year={1983}
}

@book{FEniCS,
  title={Automated Solution of Differential Equations by the Finite Element Method: The FEniCS Book},
  author={Wells, Garth and Mardal, Kent-Andre and Logg, Anders},
  year={2012},
  publisher={Springer}
} 

@article{SS2014,
  title={Convexity preserving C0 splines},
  author={Schumaker, Larry L and Speleers, Hendrik},
  journal={Advances in Computational Mathematics},
  volume={40},
  number={1},
  pages={117--135},
  year={2014},
  publisher={Springer-Verlag New York, Inc.}
}

@book{CC1995,
  title={Fully nonlinear elliptic equations},
  author={Luis A. Caffarelli and Xavier Cabr{\'e}},
  volume={43},
  year={1995},
  publisher={American Mathematical Soc.}
}

@BOOK{GT1977,
  title = {Elliptic Partial Differential Equations of Second Order},
  publisher = {Springer, Heidelberg},
  year = {1977},
  author = {Gilbarg, David and Trudinger, Neil S.},
  volume = {224},
  series = {Grundlehren der mathematischen Wissenschaften, a Series of Comprehensive
	Studies in Mathematics},
  timestamp = {2008.03.20}
}

@article{MW1953,
  title={On the approximation of linear elliptic differential equations by difference equations with positive coefficients},
  author={Motzkin, Theodore S and Wasow, Wolfgang},
  journal={J. Math. Phys},
  volume={31},
  pages={253--259},
  year={1953}
}

@book{CH1968,
  title={Methoden der mathematischen Physik. 2. Aufl.[Bd.] 2: Heidelberger Taschenb{\"u}cher 31: 1968},
  author={Courant, Richard and Hilbert, David},
  year={1968},
  publisher={Springer}
}

@article{FN2011a,
  title={The vanishing moment method for fully nonlinear second order partial differential equations: formulation, theory, and numerical analysis},
  author={Feng, Xiaobing and Neilan, Michael},
  journal={arXiv preprint arXiv:1109.1183},
  year={2011}
}

@article{Ishii1989,
  title={On uniqueness and existence of viscosity solutions of fully nonlinear second-order elliptic PDE's},
  author={Ishii, Hitoshi},
  journal={Communications on pure and applied mathematics},
  volume={42},
  number={1},
  pages={15--45},
  year={1989}
}

@article{Urbas1998,
  title={Oblique boundary value problems for equations of Monge-Ampere type},
  author={Urbas, John},
  journal={Calculus of Variations and Partial Differential Equations},
  volume={7},
  number={1},
  pages={19--39},
  year={1998},
  publisher={Springer}
}

 @MISC{eigenweb,
  author = {Ga\"{e}l Guennebaud and Beno\^{i}t Jacob and others},
  title = {Eigen v3},
  howpublished = {http://eigen.tuxfamily.org},
  year = {2010}
 }

@misc{cgal,
    title = "\textsc{Cgal}, {C}omputational {G}eometry {A}lgorithms {L}ibrary",
    note  = "http://www.cgal.org"
}

@article{ipopt,
  title={The Common Optimization INterface for Operations Research: Promoting open-source software in the operations research community},
  author={Lougee-Heimer, Robin},
  journal={IBM Journal of Research and Development},
  volume={47},
  number={1},
  pages={57--66},
  year={2003},
  publisher={IBM}
}
